<record><leader>00000cas a22000007a 4500</leader><controlfield tag="001">23026550</controlfield><controlfield tag="008">910129d1879188umnumr ne      0    0eng d</controlfield><datafield ind1=" " ind2=" " tag="010"><subfield code="a">sn 90060986 </subfield></datafield><datafield ind1=" " ind2=" " tag="040"><subfield code="a">MN#</subfield><subfield code="b">eng</subfield><subfield code="c">MN#</subfield><subfield code="d">OCLCQ</subfield><subfield code="d">OCLCF</subfield><subfield code="d">OCLCO</subfield><subfield code="d">OCL</subfield><subfield code="d">OCLCA</subfield></datafield><datafield ind1="1" ind2=" " tag="029"><subfield code="a">AU@</subfield><subfield code="b">000025851076</subfield></datafield><datafield ind1=" " ind2=" " tag="042"><subfield code="a">msc</subfield></datafield><datafield ind1=" " ind2=" " tag="043"><subfield code="a">n-us-mn</subfield></datafield><datafield ind1=" " ind2=" " tag="052"><subfield code="a">4144</subfield><subfield code="b">S4</subfield></datafield><datafield ind1="0" ind2="0" tag="245"><subfield code="a">Ancient Order United Workmen.</subfield></datafield><datafield ind1="1" ind2="3" tag="246"><subfield code="a">Ancient Order of United Workmen</subfield></datafield><datafield ind1="3" ind2="0" tag="246"><subfield code="a">A.O.U.W.</subfield></datafield><datafield ind1=" " ind2=" " tag="260"><subfield code="a">Saint Paul, Minn. :</subfield><subfield code="b">John Jay Lemon,</subfield><subfield code="c">1879-</subfield></datafield><datafield ind1=" " ind2=" " tag="300"><subfield code="a">v.</subfield></datafield><datafield ind1=" " ind2=" " tag="310"><subfield code="a">Monthly</subfield></datafield><datafield ind1="0" ind2=" " tag="362"><subfield code="a">Vol. 1, no. 1 (June 1879)-</subfield></datafield><datafield ind1=" " ind2=" " tag="500"><subfield code="a">A.O.U.W. appears in masthead ornament.</subfield></datafield><datafield ind1=" " ind2=" " tag="500"><subfield code="a">"In the interest of the Order in Minnesota and Wisconsin."</subfield></datafield><datafield ind1=" " ind2=" " tag="530"><subfield code="a">Available on microfilm from the Minnesota Historical Society.</subfield></datafield><datafield ind1="2" ind2="0" tag="610"><subfield code="a">Ancient Order of United Workmen.</subfield><subfield code="b">Jurisdiction of Minnesota</subfield><subfield code="v">Periodicals.</subfield></datafield><datafield ind1="2" ind2="0" tag="610"><subfield code="a">Ancient Order of United Workmen</subfield><subfield code="v">Periodicals.</subfield></datafield><datafield ind1=" " ind2="7" tag="655"><subfield code="a">Periodicals.</subfield><subfield code="2">fast</subfield><subfield code="0">(OCoLC)fst01411641</subfield></datafield><datafield ind1="2" ind2="7" tag="610"><subfield code="a">Ancient Order of United Workmen.</subfield><subfield code="2">fast</subfield><subfield code="0">(OCoLC)fst00519711</subfield></datafield><datafield ind1="2" ind2="7" tag="610"><subfield code="a">Ancient Order of United Workmen.</subfield><subfield code="b">Jurisdiction of Minnesota.</subfield><subfield code="2">fast</subfield><subfield code="0">(OCoLC)fst00677381</subfield></datafield><datafield ind1="2" ind2=" " tag="710"><subfield code="a">Ancient Order of United Workmen.</subfield><subfield code="b">Jurisdiction of Minnesota.</subfield></datafield></record>